<?xml version="1.0" encoding="UTF-8"?><collection xmlns="http://www.loc.gov/MARC21/slim"><record><leader>00510nam--2200181-i-4500</leader><controlfield tag="001">000044816</controlfield><controlfield tag="002">20161230</controlfield><controlfield tag="005">20161230201044</controlfield><controlfield tag="008">060222s1000------------r-----000-0-fre-d</controlfield><datafield ind1=" " ind2=" " tag="040"><subfield code="a">IFIN-HH</subfield></datafield><datafield ind1=" " ind2=" " tag="041"><subfield code="a">fre</subfield></datafield><datafield ind1=" " ind2=" " tag="080"><subfield code="a">539.171.5(047.3)</subfield></datafield><datafield ind1="1" ind2=" " tag="100"><subfield code="a">Tirelli, Marco</subfield></datafield><datafield ind1="1" ind2="0" tag="245"><subfield code="a">Correlations entre pions identiques produits dans l`interactionp a 11,2 gev/c</subfield><subfield code="b">These</subfield><subfield code="c">Marco tirelli</subfield></datafield><datafield ind1=" " ind2=" " tag="260"><subfield code="a">Paris</subfield><subfield code="b">Universite</subfield><subfield code="c">1977</subfield></datafield><datafield ind1=" " ind2=" " tag="300"><subfield code="a">30P.+DIF.FIG</subfield></datafield><datafield ind1=" " ind2=" " tag="852"><subfield code="a">44883</subfield><subfield code="c">539.17</subfield></datafield><datafield ind1=" " ind2=" " tag="CAT"><subfield code="a">Sys</subfield><subfield code="c">20120618</subfield><subfield code="h">103008</subfield></datafield></record></collection>